incollection{knuth1983simple,
  title={Simple word problems in universal algebras},
  author={Knuth, Donald E and Bendix, Peter B},
  booktitle={Automation of Reasoning: Classical papers on computational logic 1957--1966},
  editor = {Siekmann, Jörg H.  and Wrightson, Graham},
  pages={342--376},
  year={1983},
  publisher={Springer}
}

book{lamport,
  title={LaTEX: A Document Preparation System},
  author={Lamport, Leslie},
  year={1986},
  publisher={Addison-Wesley}
}

misc{bib,
author = {Oren Patashnik},
title={{BibTeXing}},
howpublished={Dosegljivo: \url{http://bibtexml.sourceforge.net/btxdoc.pdf}},
note = {[Dostopano 5. 6. 2016]},
year = 1988
}

@article{nogly-1996,
	author = {Nogly, Daniel and Schladt, Markus},
	journal = {Computer vision and image understanding},
	month = {Marec},
	number = {No. 2},
	pages = {394--396},
	title = {{Digital Topology on graphs}},
	volume = {Vol. 63},
	year = {1996},
	doi = {10.1006/cviu.1996.0029},
	url = {https://doi.org/10.1006/cviu.1996.0029},
}

@Inbook{Bretto2007,
author="Bretto, Alain",
title="Digital Topologies on Graphs",
bookTitle="Applied Graph Theory in Computer Vision and Pattern Recognition",
year="2007",
publisher="Springer Berlin Heidelberg",
address="Berlin, Heidelberg",
pages="65--82",
isbn="978-3-540-68020-8",
doi="10.1007/978-3-540-68020-8_3",
url="https://doi.org/10.1007/978-3-540-68020-8_3"
}

@book{barmak-2011,
	author = {Barmak, Jonathan A.},
	month = {8},
	publisher = {Springer},
	title = {{Algebraic topology of finite topological spaces and applications}},
	year = {2011},
}

@article{rosenfeld-1979,
	author = {Rosenfeld, Azriel},
	journal = {The American mathematical monthly},
	month = {10},
	number = {8},
	pages = {621},
	title = {{Digital Topology}},
	volume = {86},
	year = {1979},
	doi = {10.2307/2321290},
	url = {https://doi.org/10.2307/2321290},
}

@misc{vavpeticAT,
author = {Vavpetič, Aleš},
title={{REŠENE NALOGE IZ ALGEBRAIČNE TOPOLOGIJE}},
howpublished={Dosegljivo: \url{https://users.fmf.uni-lj.si/vavpetic/AT/AT.pdf}},
note = {[Dostopano: 21. 7. 2024]},
year = 2011
}


article{leonardo,
  title={15 seconds of fame},
  author={Solina, Franc},
  journal={Leonardo},
  volume={37},
  number={2},
  pages={105--110},
  year={2004},
  publisher={MIT Press}
}

incollection{poglavje_springer,
  title={Art---A Perfect Testbed for Computer Vision Related Research},
  author={Peer, Peter and Batagelj, Borut},
  booktitle={Recent Advances in Multimedia Signal Processing and Communications},
  pages={611--629},
  year={2009},
  publisher={Springer}
}

misc{video,
title={Light Fountain---an interactive art installation},
author = {Franc Solina},
howpublished={Dosegljivo: \url{https://youtu.be/CS6x-QwJywg}},
note = {[Dostopano: 9. 10. 2015]},
year = 2015
}

techreport{andersen2012kinect,
  title={Kinect depth sensor evaluation for computer vision applications},
  author={Andersen, Michael Riis and Jensen, Thomas and Lisouski, Pavel and Mortensen, Anders Krogh and Hansen, Mikkel Kragh and Gregersen, Torben and Ahrendt, Peter},
  year={2012},
  institution={Department of Engineering, Aarhus University}
}

techreport{diploma,
Title                    = {Vizualizacija},
Author                = {Balon, Andreja},
institution            = {Fakulteta za elektrotehniko in ra\v{c}unalni\v{s}tvo, Univerza v Ljubljani},
Year                    = {1990},
type                    = {Diplomska naloga}
}

misc{nenajkrajsi,
title={Ne najkraj\v{s}i uvod v {\LaTeX 2$\epsilon$}},
author = {Tobias Oetiker and Hubert Partl and Irene Hyna and Elisabeth Schlegl},
howpublished={Dosegljivo: \url{http://www-lp.fmf.uni-lj.si/plestenjak/vaje/latex/lshort.pdf}},
note = {[Dostopano: 1. 10. 2016]},
year = 2006
}

misc{slovarcek,
title={{DIS} slovarček, slovar računalniških izrazov, verzija 2.1.70},
author = {Matjaž Gams (ured.)},
howpublished={Dosegljivo: \url{http://dis-slovarcek.ijs.si}},
note = {[Dostopano: 1. 10. 2016]},
}

misc{knuth,
author={Donald Knuth},
howpublished={Dosegljivo: \url{https://sl.wikipedia.org/wiki/Donald_Knuth}},
note = {[Dostopano: 1. 10. 2016]},
}

article{Kljun2018,
  url = {https://doi.org/10.1109/tlt.2018.2840716},
  year  = {2018},
  publisher = {Institute of Electrical and Electronics Engineers ({IEEE})},
  pages = {1--1},
  author = {Matja\v{z} Kljun and Rok Krulec and Klen \v{C}opi\v{c} Pucihar and Franc Solina},
  title = {Persuasive technologies in m-learning for training professionals: 
              how to keep learners engaged with adaptive triggering},
  journal = {{IEEE} Transactions on Learning Technologies}
}
